@article{dollar2014fast,
  title={Fast feature pyramids for object detection},
  author={Doll{\'a}r, Piotr and Appel, Ron and Belongie, Serge and Perona, Pietro},
  journal={Pattern Analysis and Machine Intelligence, IEEE Transactions on},
  volume={36},
  number={8},
  pages={1532--1545},
  year={2014},
  publisher={IEEE}
}

@inproceedings{felzenszwalb2008discriminatively,
  title={A discriminatively trained, multiscale, deformable part model},
  author={Felzenszwalb, Pedro and McAllester, David and Ramanan, Deva},
  booktitle={Computer Vision and Pattern Recognition, 2008. CVPR 2008. IEEE Conference on},
  pages={1--8},
  year={2008},
  organization={IEEE}
}

@inproceedings{sen2004robust,
  title={Robust techniques for background subtraction in urban traffic video},
  author={Sen-Ching, S Cheung and Kamath, Chandrika},
  booktitle={Electronic Imaging 2004},
  pages={881--892},
  year={2004},
  organization={International Society for Optics and Photonics}
}

@inproceedings{sirikuntamat2015vehicle,
  title={Vehicle tracking in low hue contrast based on CAMShift and background subtraction},
  author={Sirikuntamat, Nitipat and Satoh, Shin'ichi and Chalidabhongse, Thanarat H},
  booktitle={Computer Science and Software Engineering (JCSSE), 2015 12th International Joint Conference on},
  pages={58--62},
  year={2015},
  organization={IEEE}
}

@inproceedings{lu2014moving,
  title={Moving vehicle detection based on fuzzy background subtraction},
  author={Lu, Xiaofeng and Izumi, Takashi and Takahashi, Tatsuro and Wang, Lei},
  booktitle={Fuzzy Systems (FUZZ-IEEE), 2014 IEEE International Conference on},
  pages={529--532},
  year={2014},
  organization={IEEE}
}


@inproceedings{dollar2010fastest,
  title={The Fastest Pedestrian Detector in the West.},
  author={Doll{\'a}r, Piotr and Belongie, Serge and Perona, Pietro},
  booktitle={BMVC},
  volume={2},
  number={3},
  pages={7},
  year={2010},
  organization={Citeseer}
}

@article{friedman2000additive,
  title={Additive logistic regression: a statistical view of boosting (with discussion and a rejoinder by the authors)},
  author={Friedman, Jerome and Hastie, Trevor and Tibshirani, Robert and others},
  journal={The annals of statistics},
  volume={28},
  number={2},
  pages={337--407},
  year={2000},
  publisher={Institute of Mathematical Statistics}
}

@article{forsyth2003modern,
	title={A Modern Approach},
	author={Forsyth, David A and Ponce, Jean},
	journal={Computer Vision: A Modern Approach},
	year={2003}
}

@misc{PMT, 
   author = {Piotr Doll\'ar}, 
   title = {{P}iotr's {C}omputer {V}ision {M}atlab {T}oolbox ({PMT})}, 
   howpublished = {\url{http://vision.ucsd.edu/~pdollar/toolbox/doc/index.html}} 
} 

